@article{Bi-LSTM,
 author = {Schuster, M. and Paliwal, K.K.},
 title = {Bidirectional Recurrent Neural Networks},
 journal = {Trans. Sig. Proc.},
 issue_date = {November 1997},
 volume = {45},
 number = {11},
 month = nov,
 year = {1997},
 issn = {1053-587X},
 pages = {2673--2681},
 numpages = {9},
 url = {http://dx.doi.org/10.1109/78.650093},
 doi = {10.1109/78.650093},
 acmid = {2205129},
 publisher = {IEEE Press},
 address = {Piscataway, NJ, USA},
} 